

Monographien
@Book{tannenbaum,
author={Andrew S. Tannenbaum and Maarten Van Steen},
title={{D}istributed {S}ystems - {P}rinciples and {P}aradigms},
year={2007},
edition={2nd edition},
publisher={Pearson Prentice Hall},
address={New Jersey},
}


fuer online quellen booklet verwenden
@Booklet{UNI,
author={Unity Technologies},
year={2016},
title={{A}nimation {S}ystem {O}verview},
url={https://docs.unity3d.com/Manual/AnimationOverview.html},
}

@Booklet{NIN,
	author={Nintendo},
	year={2016},
	title={{S}uper {M}ario {M}aker},
	url={http://www.nintendo.com/games/detail/super-mario-maker-wii-u},
}

@Booklet{CEG,
	author={Clever Endeavour Games},
	year={2016},
	title={{U}ltimate {C}hicken {H}orse},
	url={https://www.cleverendeavourgames.com/ultimate-chicken-horse/},
}


Artikel aus Fachzeitschriften
@Article{ECORA,
 author = {Amir Padovitz and Seng W. Loke and Arkady Zaslavsky},
 title = {The ECORA framework: A hybrid architecture for context-oriented pervasive computing},
 journal = {Pervasive Mobile Computing},
 volume = {4},
 number = {2},
 year = {2008},
 pages = {182--215},
 }
@article{whittle2014state,
	title={The state of practice in model-driven engineering},
	author={Whittle, Jon and Hutchinson, John and Rouncefield, Mark},
	journal={IEEE software},
	volume={31},
	number={3},
	pages={79--85},
	year={2014},
	publisher={IEEE}
}

@article{tolvanen2016model,
	title={Model-Driven Development Challenges and Solutions},
	author={Tolvanen, Juha-Pekka and Kelly, Steven},
	year={2016}
}
Sammelbaende. Vorsicht, immer *number* verwenden, nicht *volume*
@Incollection{COMITY,
title = {{C}{O}{M}{I}{T}{Y} - {C}onflict {A}voidance in {P}ervasive {C}omputing {E}nvironments.},
author = {Verena Tuttlies and Gregor Schiele and Christian Becker},
booktitle = {OTM Workshops (2007)},
editor = {Robert Meersman and Zahir Tari and Pilar Herrero},
pages = {763-772},
publisher = {Springer},
series = {Lecture Notes in Computer Science},
number = {4806},
year = {2007},
address = {Heidelberg}
} 

Hochschulschriften, default ist masters thesis
@mastersthesis{master,
author={C. Welscher},
year={2001},
title={{I}ndigene {V}ölker im {G}ebiet {T}jumén ({W}estsibirien): {Z}iele, {S}ituation und zielorientierte
{A}ktivitäten},
school={Institut für Friedenssicherungsrecht und humanitäres Völkerrecht,
Ruhr-Universität Bochum},
}

Hochschulschriften, type angeben (Habil., Diss.,...)
@mastersthesis{noah,
type={Bachelor Thesis},
author={Noah Metzger},
year={2015},
title={Die Implementierung von GeoWars, Eine Deep-Model-Basierte Echtzeitsimulation},
school={Chair of Software Engineering, Universität Mannheim},
}

@misc{random,
type={Certificate},
author={Max Mustermann},
note={Currently under review},
year={2009},
title={Something that is not covered by any other annotation may be declared misc - certificates, patents and stuff like that}}

@Booklet{MEL,
	author={Ralph Gerbig},
	year={2015},
	title={{A}bout {M}elanee},
	lastchecked={5.5.2005},
	url={http://www.melanee.org/about-melanee/},
}



@Booklet{EEP,
	author={Eclipse Project Team},
	year={2016},
	title={{E}xtensions and {E}xtension {P}oints},
	url={http://help.eclipse.org/mars/index.jsp?topic=%2Forg.eclipse.pde.doc.user%2Fconcepts%2Fextension.htm},
}

@Booklet{SOC,
	author={Eli Braginskiy},
	year={2011},
	title={{J}ava and {C}\# Sockets},
	lastchecked={5.5.2005},
	url=http://stackoverflow.com/questions/5999180/sockets-send-strings-from-java-to-c
}

@inproceedings{exe2015,
	title = {On the Execution of Deep Models},
	author = {Colin Atkinson and Ralph Gerbig and Noah Metzger},
	editor = {Tanja Mayerhofer and Philip Langer and Ed Seidewitz and Jeff Gray},
	url = {http://ceur-ws.org/Vol-1560/paper5.pdf},
	year = {2015},
	date = {2015-09-27},
	booktitle = {Proceedings of the 1st International Workshop on Executable Modeling},
	volume = {1560},
	pages = {28-33},
	publisher = {CEUR Workshop Proceedings},
	series = {EXE 2015},
	keywords = {},
	pubstate = {published},
	tppubtype = {inproceedings}
}

@inproceedings{AtkinsonG16,
	title = {Flexible Deep Modeling with Melanee},
	author = {Colin Atkinson and Ralph Gerbig},
	editor = {Stefanie Betz Ulrich Reimer},
	url = {http://subs.emis.de/LNI/Proceedings/Proceedings255/117.pdf},
	isbn = {978-3-88579-649-7},
	year = {2016},
	date = {2016-01-01},
	booktitle = {Modellierung 2016, 2.-4. M\"{a}rz 2016, Karlsruhe - Workshopband},
	volume = {255},
	pages = {117--122},
	publisher = {Gesellschaft f\"{u}r Informatik},
	address = {Bonn},
	series = {Modellierung 2016},
	keywords = {},
	pubstate = {published},
	tppubtype = {inproceedings}
}

@article{tolvanen2016model,
	title={Model-Driven Development Challenges and Solutions},
	author={Tolvanen, Juha-Pekka and Kelly, Steven},
	year={2016}
}

@inproceedings{voelter2007product,
	title={Product line implementation using aspect-oriented and model-driven software development},
	author={Voelter, Markus and Groher, Iris},
	booktitle={Software Product Line Conference, 2007. SPLC 2007. 11th International},
	pages={233--242},
	year={2007},
	organization={IEEE}
}

@article{atkinson2003model,
	title={Model-driven development: a metamodeling foundation},
	author={Atkinson, Colin and Kuhne, Thomas},
	journal={IEEE software},
	volume={20},
	number={5},
	pages={36--41},
	year={2003},
	publisher={IEEE}
}

@article{reyno2009automatic,
	title={Automatic prototyping in model-driven game development},
	author={Reyno, Emanuel Montero and Cars{\'\i} Cubel, Jos{\'e} {\'A}},
	journal={Computers in Entertainment (CIE)},
	volume={7},
	number={2},
	pages={29},
	year={2009},
	publisher={ACM}
}

@article{Blow:2004:GDH:971564.971590,
	author = {Blow, Jonathan},
	title = {Game Development: Harder Than You Think},
	journal = {Queue},
	issue_date = {February 2004},
	volume = {1},
	number = {10},
	month = feb,
	year = {2004},
	issn = {1542-7730},
	pages = {28--37},
	numpages = {10},
	url = {http://doi.acm.org/10.1145/971564.971590},
	doi = {10.1145/971564.971590},
	acmid = {971590},
	publisher = {ACM},
	address = {New York, NY, USA},
} 

@inproceedings{furtado2006using,
	title={Using domain-specific modeling towards computer games development industrialization},
	author={Furtado, Andr{\'e} WB and Santos, Andr{\'e} LM},
	booktitle={The 6th OOPSLA Workshop on Domain-Specific Modeling (DSM06)},
	year={2006},
	organization={Citeseer}
}

Liste der zulaessigen Felder

address      %%  Verlagsort
author       %%  persoenlicher Urheber eines Werkes
booktitle    %%  a) Gesamttitel eines mehrbaendigen Werkes
%                %%  b) Titel des Sammelwerks, das einzelne selbstaendige
%                %%     Beitraege mit eigenem Titel enthaelt (->incollection)
chapter      %%  Kapitel in einem Buch (Monographie)
doi          %%% Digital Object Identifier
edition      %%  Auflagevermerk; bei selbst. elektron. Dok. == Version
editor       %%  Persoenl.Herausgeber oder Koerperschaftlicher Herausgeber
howpublished %%  beliebiger Verlegervermerk: von wem, wo
institution  %%  Institution, die e.Verlagsfreie Veroeffentlichung betreibt
isbn         %%  Standardnr fuer Buecher
issn         %%  -  -    :      Zeitschriften u. Serien
journal      %%  Titel einer Zeitschrift
key          %%  Zusaetzlich vergebener Sortierschluessel, mitunter notwend.
lastchecked  %%  Online Abruf einer Internetquelle ( GRAY ); 22.1.2004
month        %%  naehere Bestimmung des Erscheinungsjahres (-> macro 's)
note         %%  freies Eingabefeld fuer zusaetzliche Informationen
number       %%  Mehrfachbedeutung in Abhaengigkeit vom Eingabetyp
organization %%  a) Name der Organisation/des Organisators e. Tagung,Konferenz
%                %%  b) Name einer Firma/Gesellschaft, die ein ->manual herausgab
pages        %%  Umfangsangaben, meist Seitenzahlen
publisher    %%  Verlag
school       %%  Hochschule/Universitaet, die eine Dipl.-Arb./Dissertation veroeff.
series       %%  Titel e.Reihe, in der ein best. Buchtitel erschienen ist
title        %%  Titel einer (namentlich gekennzeichneten) Veroeffentlichung
type         %%  Zusatzfeld z.Kennzeichnung e.besonderen Publikationstyps
url          %%%  URL-Feld ( Uniform Resource Locator )
urn          %%   URN-Feld ( Uniform Resource Name )
volume       %%  a) Zaehlung bei einem mehrbaendigen Werk (-> book)
%                %%  b) Jahrgang einer Zeitschrift (-> article
year         %%  Erscheinungsjahr
